@book{Linden2002,
abstract = {Comprehensive, coherent, and completely up-to-date, Handbook of Batteries, Third Edition brings you the expertise of 80 of the world's top experts -- a wealth of hands-on knowledge compiled and edited by two pioneering researchers who are top-ranked consultants to the battery industry., Making vital data and equations instantly accessible for a wide range of applications, the Handbook has more authoritative information than any other source on the characteristics, properties, and performance of every major battery type. This edition's four new chapters give you new, fully-detailed information on Lithium Ion and Propulsion and Industrial Nickel-Metal Hydride batteries, and portable fuel cells -- including small fuel cells (less than 1000 Watts) which are potentially competitive with battery sytems. Thoroughly updating all developments in the field since 1995, the Third Edition of this ultimate state-of-the-art guide: *Brings you up to speed on today's cutting edge battery technologies, materials and methods *Helps you predict battery performance under all operating conditions *Simplifies the selection of the most suitable batteries for a wide range of applications "synopsis" may belong to another edition of this title.},
archivePrefix = {arXiv},
arxivId = {arXiv:gr-qc/9809069v1},
author = {Linden, David and Reddy, Thomas B.},
booktitle = {McGraw-Hill},
doi = {10.1016/0378-7753(86)80059-3},
eprint = {9809069v1},
isbn = {0071359788},
issn = {03787753},
pmid = {21979535},
primaryClass = {arXiv:gr-qc},
title = {{Handbook of Batteries, third edition}},
year = {2002}
}
