@book{Chowdhury2009,
abstract = {Microgrids and Active Distribution Networks offer a potential solution for sustainable, energy-efficient power supply to cater for increasing load growth, supplying power to remote areas, generation of clean power and reduction in emission of greenhouse gases {\&} particulates. This book contains the latest developments in the area.},
author = {Chowdhury, S. and Chowdhury, S. P. and Crossley, P.},
booktitle = {Microgrids Act. Distrib. Networks},
doi = {10.1049/pbrn006e},
publisher = {The Institution of Engineering and Technology},
title = {{Microgrids and Active Distribution Networks}},
year = {2009}
}
