@misc{EuropeanCommission2010,
author = {{European Commission}},
file = {:C$\backslash$:/Users/Pol Olivella Rosell/Documents/Mendeley Desktop/Eg1 document v{\_}24sep2010 conf.pdf:pdf},
number = {December},
pages = {1--69},
title = {{EU Commission Task Force for Smart Grids Expert Group 1 : Functionalities of smart grids and smart meters}},
year = {2010}
}
