@article{Simoes2012,
author = {Simoes, Marcelo Godoy and Roche, Robin and Kyriakides, Elias and Suryanarayanan, Sid and Blunier, Benjamin and McBee, Kerry D. and Nguyen, Phuong H. and Ribeiro, Paulo F. and Miraoui, Abdellatif},
doi = {10.1109/TIA.2012.2199730},
file = {:C$\backslash$:/Users/Pol Olivella Rosell/Documents/Mendeley Desktop/paper{\_}Godoy2012{\_}Comparison{\_}smart{\_}grid{\_}EU{\_}US.pdf:pdf},
issn = {0093-9994},
journal = {IEEE Trans. Ind. Appl.},
month = {jul},
number = {4},
pages = {1154--1162},
title = {{A Comparison of Smart Grid Technologies and Progresses in Europe and the U.S.}},
url = {http://ieeexplore.ieee.org/document/6200849/},
volume = {48},
year = {2012}
}
