@misc{Cetelem_Distancia,
author = {{Observatorio Cetelem BNP Paribas}},
title = {{El coche el{\'{e}}ctrico y los europeos}},
year = {2012}
}
