@article{RedNeuronal-industria08,
author = {{A. Azadeh}, S F Ghaderi S Sohrabkhani},
journal = {Energy Conversion and Management},
number = {8},
pages = {2272--2278},
title = {{Annual electricity consumption forecasting by neural network in high energy consuming industrial sectors}},
volume = {49},
year = {2008}
}
@inproceedings{Acha81,
author = {Acha, Salvador and Green, Tim C and Shah, Nilay},
booktitle = {Transmission and Distribution Conference and Exposition, 2010 IEEE PES},
pages = {1--6},
title = {{Effects of optimised plug-in hybrid vehicle charging strategies on electric distribution network losses}},
year = {2010}
}
@article{MIT_Grid,
author = {Bullis, Kevin},
journal = {MIT Technology Review},
title = {{Could Electric Cars Threaten the Grid?}}
}
@misc{ReglamCE_UN,
author = {{de las Naciones Unidas para Europa CEPE}, Comisi\'{o}n Econ\'{o}mica},
month = jul,
title = {{Reglamento 101. Disposiciones uniformes relativas a la homologaci\'{o}n, por una parte, de veh\'{\i}culos de pasajeros impulsados \'{u}nicamente por un motor de combusti\'{o}n interna o por una cadena de tracci\'{o}n el\'{e}ctrica h\'{\i}brida, respecto a la medici\'{o}n de la emisi\'{o}n de }},
year = {2012}
}
@manual{EMQ2006,
organization = {Institut d'Estudis Regionals i Metropolitans de Barcelona (IERMB) and Autoritat del Transport Metropolit\`{a} (ATM). \`{A}rea de Barcelona},
title = {{Enquesta de mobilitat quotidiana}},
year = {2006}
}
@book{heydt1981impact,
author = {Heydt, G T and Center, Purdue Electric Power and {of Electrical Engineering}, Purdue University. School},
publisher = {Purdue Electric Power Center, School of Electrical Engineering, Purdue University},
series = {TR-EE},
title = {{The Deployment on Load Management Strategies: Technical Issues}},
url = {http://books.google.es/books?id=O-PDZwEACAAJ},
year = {1981}
}
@article{DavionHill85,
author = {Hill, Davion M and Agarwal, Arun S and Ayello, Francois},
journal = {Energy Policy},
number = {0},
pages = {221--231},
title = {{Fleet operator risks for using fleets for \{V2G\} regulation}},
volume = {41},
year = {2012}
}
@misc{Waraich_v2,
author = {M. Galus and R. Waraich and M. Balmer and G. Andersson and K.W. Axhausen},
title = {A framework for investigating the impact of PHEVS}
}
@inproceedings{MaitraCIRED2009,
author = {Maitra, Arindam and Taylor, Jason and Brooks, Daniel and Alexander, Mark and Duvall, Mark},
booktitle = {Electricity Distribution - Part 1, 2009. CIRED 2009. 20th International Conference and Exhibition on},
pages = {1--5},
title = {{Integrating plug-in-electric vehicles with the distribution system}},
year = {2009}
}
@inproceedings{Mesentean2011,
author = {Mesentean, S and Feucht, W and Mittnacht, A and Frank, H},
booktitle = {Computer Modeling and Simulation (EMS), 2011 Fifth UKSim European Symposium on},
pages = {299--304},
title = {{Scheduling Methods for Smart Charging of Electric Bikes from a Grid-Connected Photovoltaic-System}},
year = {2011}
}
@techreport{MERGE2-1,
author = {{N.K. Robert Ball Marcus Alexander}, Ed Bower},
institution = {MERGE Project EU},
title = {{Modelling Electric Storage Devices for EV}},
year = {2010}
}

@manual{SAEJ1772,
organization = {Society of Automotive Engineers (SAE)},
title = {Vehicle conductive charge coupler},
year = {2001},
}

@inproceedings{Putrus2009,
author = {Putrus, G A and Suwanapingkarl, P and Johnston, D and Bentley, E C and Narayana, M},
booktitle = {Vehicle Power and Propulsion Conference, 2009. VPPC '09. IEEE},
pages = {827--831},
title = {{Impact of electric vehicles on power distribution networks}},
year = {2009}
}
@inproceedings{Singh2010,
author = {Singh, M and Kar, I and Kumar, P},
booktitle = {Power Electronics and Motion Control Conference (EPE/PEMC), 2010 14th International},
title = {{Influence of \{EV\} on grid power quality and optimizing the charging schedule to mitigate voltage imbalance and reduce power loss}},
year = {2010}
}
@techreport{Stephens_Michigan_2010,
author = {Stephens, Thomas},
institution = {Center for Sustainable Systems - University of Michigan},
title = {{An Agent-Based Model of energy demand and emissions from plug-in hybrid electric vehicle use}},
year = {2010}
}
@article{Valentine2011,
author = {Valentine, Keenan and Temple, William G and Zhang, K Max},
journal = {Journal of Power Sources},
number = {24},
pages = {10717--10726},
title = {{Intelligent electric vehicle charging: Rethinking the valley-fill}},
volume = {196},
year = {2011}
}
@inproceedings{EPE_Surtidor,
author = {Villafafila-Robles, Roberto and Girbau-Llistuella, Francesc and Olivella-Rosell, Pol and Sudria-Andreu, Antoni and Bergas-Jane, Joan},
organization = {15th European Conference on Power Electronics and Applications},
title = {{Assessment of the impact of charging infrastructure for electric vehicles on distribution networks}},
year = {2013}
}
@article{Weiller2011,
author = {Weiller, Claire},
journal = {Energy Policy},
number = {6},
pages = {3766--3778},
title = {{Plug-in hybrid electric vehicle impacts on hourly electricity demand in the United States}},
volume = {39},
year = {2011}
}
@article{Zhao2012-neuro,
author = {Zhao, Hai-xiang and Magoul\`{e}s, Fr\'{e}d\'{e}ric},
journal = {Renewable and Sustainable Energy Reviews},
number = {6},
pages = {3586--3592},
title = {{A review on the prediction of building energy consumption}},
volume = {16},
year = {2012}
}
@techreport{RedNeuronal-edificios,
institution = {Joint Center for Energy Management (JCEM)},
title = {{Artificial neural networks applied to loanSTAR data}},
year = {1992}
}
@misc{RD_GestorCargas,
title = {{Real Decreto 647/2011, of 9 de mayo, which regulates aggregator activities (Gestor de carga) and Time-Of-Use tariff for EV}}
}
@misc{ree,
title = {{Red El\'{e}ctrica de Espa\~{n}a - Spanish Transmission System Operator - www.ree.es}}
}
@book{WOE2010,
author = {Agency, International Energy},
title = {{World Energy Outlook 2010}}
}
@inproceedings{Lopes2009,
author = {Lopes, J A P and So\~{a}res, F J and Almeida, P M R and Baptista, P C and Silva, C M and Farias, T L},
booktitle = {Advanced Electromechanical Motion Systems Electric Drives Joint Symposium, 2009. ELECTROMOTION 2009. 8th International Symposium on},
pages = {1--6},
title = {{Quantification of technical impacts and environmental benefits of electric vehicles integration on electricity grids}},
year = {2009}
}
@inproceedings{vale2011vpp,
author = {Vale, Zita and Pinto, Tiago and Morais, Hugo and Pra\c{c}a, Isabel and Faria, Pedro},
booktitle = {Power and Energy Society General Meeting},
organization = {IEEE},
pages = {1--8},
title = {VPP's multi-level negotiation in smart grids and competitive electricity markets},
year = {2011}
}
@inproceedings{Acha80,
author = {Acha, Salvador and Green, T C and Shah, N},
booktitle = {Innovative Smart Grid Technologies (ISGT), 2011 IEEE PES},
pages = {1--8},
title = {{Optimal charging strategies of electric vehicles in the UK power market}},
year = {2011}
}
@article{Amjad2010,
author = {Amjad, Shaik and Neelakrishnan, S and Rudramoorthy, R},
journal = {Renewable and Sustainable Energy Reviews},
number = {3},
pages = {1104--1110},
title = {{Review of design considerations and technological challenges for successful development and deployment of plug-in hybrid electric vehicles}},
volume = {14},
year = {2010}
}
@article{Andersen2009,
author = {Andersen, Poul H and Mathews, John A and Rask, Morten},
journal = {Energy Policy},
number = {7},
pages = {2481--2486},
title = {{Integrating private transport into renewable energy policy: The strategy of creating intelligent recharging grids for electric vehicles}},
volume = {37},
year = {2009}
}
@phdthesis{BalmerMATSim,
author = {Balmer, M},
month = may,
school = {ETH Zurich},
title = {{Travel demand modeling for multi-agent traffic simulations: Algorithms and systems}},
year = {2007}
}
@article{Battistelli71,
author = {Battistelli, C and Baringo, L and Conejo, A J},
journal = {Electric Power Systems Research},
number = {0},
pages = {50--59},
title = {{Optimal energy management of small electric energy systems including \{V2G\} facilities and renewable energy sources}},
volume = {92},
year = {2012}
}
@article{Benysek2012,
author = {Benysek, G and Jarnut, M},
journal = {Renewable and Sustainable Energy Reviews},
number = {1},
pages = {320--328},
title = {{Electric vehicle charging infrastructure in Poland}},
volume = {16},
year = {2012}
}
@inproceedings{Clement2009coord,
author = {Clement, K and Haesen, E and Driesen, J},
booktitle = {Power Systems Conference and Exposition, 2009. PSCE '09. IEEE/PES},
pages = {1--7},
title = {{Coordinated charging of multiple plug-in hybrid electric vehicles in residential distribution grids}},
year = {2009}
}
@article{Clement2011,
author = {Clement-Nyns, Kristien and Haesen, Edwin and Driesen, Johan},
journal = {Electric Power Systems Research},
number = {1},
pages = {185--192},
title = {{The impact of vehicle-to-grid on the distribution grid}},
volume = {81},
year = {2011}
}
@article{Ekman69,
author = {Ekman, Claus Krog},
journal = {Renewable Energy},
number = {2},
pages = {546--553},
title = {{On the synergy between large electric vehicle fleet and high wind penetration. An analysis of the Danish case}},
volume = {36},
year = {2011}
}
@inproceedings{Galus2009,
author = {M. Galus and G. Andersson},
booktitle = {2009 IEEE PowerTech Bucharest},
pages = {1--8},
title = {{Integration of Plug-In Hybrid Electric Vehicles into energy networks}},
}
@inproceedings{Galus2008,
author = {Galus, M D and Andersson, G},
booktitle = {Energy 2030 Conference, 2008. ENERGY 2008. IEEE},
pages = {1--8},
title = {Demand Management of Grid Connected Plug-In Hybrid Electric Vehicles (PHEV)},
year = {2008}
}
@article{GrenierNewZeland,
author = {Grenier, Agathe and Page, Shannon},
journal = {Energy Policy},
number = {0},
pages = {355--364},
title = {{The impact of electrified transport on local grid infrastructure: A comparison between electric cars and light rail}},
volume = {49},
year = {2012}
}
@article{Hedegaard66,
author = {Hedegaard, Karsten and Ravn, Hans and Juul, Nina and Meibom, Peter},
journal = {Energy},
number = {0},
title = {{Effects of electric vehicles on power systems in Northern Europe}},
year = {2012}
}
@misc{charge_li-ion,
annote = {Power Electronics Technology},
author = {Hoffart, Fran},
title = {{Proper Care Extends Li-Ion Battery Life}},
year = {2008}
}
@inproceedings{Sikai2010,
author = {Huang, Sikai and Infield, D},
booktitle = {Power System Technology (POWERCON), 2010 International Conference on},
pages = {1--7},
title = {{The impact of domestic Plug-in Hybrid Electric Vehicles on power distribution system loads}},
year = {2010}
}
@article{Juul2012,
author = {Juul, Nina and Meibom, Peter},
journal = {Applied Energy},
number = {0},
pages = {573--582},
title = {{Road transport and power system scenarios for Northern Europe in 2030}},
volume = {92},
year = {2012}
}
@article{Kelly2012,
author = {Kelly, Jarod C and MacDonald, Jason S and Keoleian, Gregory A},
journal = {Applied Energy},
number = {0},
pages = {395--405},
title = {{Time-dependent plug-in hybrid electric vehicle charging based on national driving patterns and demographics}},
volume = {94},
year = {2012}
}
@article{Kempton1997,
author = {Kempton, Willett and Letendr, Steven E},
journal = {Transportation Research Part D Transport and Environment},
number = {3},
pages = {157--175},
title = {{Electric vehicles as a new power source for electric utilities}},
volume = {2},
year = {1997}
}
@article{Kleiwegt2012,
author = {Kleiwegt, Eline and Lukszo, Zofia},
journal = {IEEE},
title = {{Grid Impact Analysis of Electric Mobility on a Local Electricity Grid}},
year = {2012}
}
@article{kostkova2013introduction,
author = {Kostkov\'{a}, K and Omelina, L' and Ky\v{c}ina, P and Jamrich, P},
journal = {Electric Power Systems Research},
pages = {184--191},
publisher = {Elsevier},
title = {{An introduction to load management}},
volume = {95},
year = {2013}
}
@article{Lopes2011,
author = {Lopes, J A P and Soares, F J and Almeida, P M R},
journal = {Proceedings of the IEEE},
number = {1},
pages = {168--183},
title = {{Integration of Electric Vehicles in the Electric Power System}},
volume = {99},
year = {2011}
}
@inproceedings{Lopes2009Management,
author = {Lopes, J A P and Soares, F J and Almeida, P M R},
booktitle = {PowerTech, 2009 IEEE Bucharest},
pages = {1--8},
title = {{Identifying management procedures to deal with connection of Electric Vehicles in the grid}},
year = {2009}
}
@inproceedings{Macal_ABM,
author = {Macal, Charles M and North, Michael J},
booktitle = {Proceedings of the 37th conference on Winter simulation},
pages = {2--15},
series = {WSC '05},
title = {{Tutorial on agent-based modeling and simulation}},
year = {2005}
}
@article{Marra_baterias,
author = {Marra, F and Yang, Guang Ya and Traholt, C and Larsen, E and Rasmussen, C N and You, Shi},
journal = {Power and Energy Society General Meeting, 2012 IEEE},
pages = {1--7},
title = {{Demand profile study of battery electric vehicle under different charging options}},
year = {2012}
}
@mastersthesis{Icai2010,
author = {Mateo, Angel Rosso},
school = {Universidad Pontificia de Comillas - Escuela t\'{e}cnica superior de ingenier\'{\i}a ICAI},
title = {{Evaluaci\'{o}n del impacto de los veh\'{\i}culos el\'{e}ctricos en las redes de distribuci\'{o}n}},
year = {2010}
}
@book{ModernEV-Ehsani2010,
author = {{Mehrdad Ehsani Yimin Gao}, Ali Emadi},
editor = {Taylor, C R C Press - and Group, Francis},
title = {{Modern Electric, Hybrid Electric, and Fuel Cell Vehicles}},
year = {2010}
}
@article{Mohsenian2010,
author = {Mohsenian-Rad, A and Wong, V W S and Jatskevich, J and Schober, R and Leon-Garcia, A},
journal = {Smart Grid, IEEE Transactions on},
number = {3},
pages = {320--331},
title = {{Autonomous Demand-Side Management Based on Game-Theoretic Energy Consumption Scheduling for the Future Smart Grid}},
volume = {1},
year = {2010}
}
@inproceedings{MiguelCruz2012,
author = {Mora, Rosa and Oyarzabal, Jose and Cruz-Zambrano, Miguel and Gonzalez, Ana and Corera, Jose},
booktitle = {Integration of Renewables into the Distribution Grid, CIRED 2012 Workshop},
month = may,
pages = {1--4},
title = {{E-car and economic impact: Enhancing the smart grids}},
year = {2012}
}
@inproceedings{Multin2012,
author = {Multin, M and Allerding, F and Schmeck, H},
booktitle = {Innovative Smart Grid Technologies (ISGT), 2012 IEEE PES},
pages = {1--8},
title = {{Integration of electric vehicles in smart homes - an ICT-based solution for V2G scenarios}},
year = {2012}
}
@manual{Cetelem_Distancia,
organization = {Cetelem PARIBAS Grupo B. N. P.},
title = {The electric vehicle and the europeans. (El coche el\'{e}ctrico y los europeos)},
year = {2012}
}
@inproceedings{Lopes2009-2,
author = {{Pecas Lopes}, J A and {Rocha Almeida}, P M and Soares, F J},
booktitle = {Clean Electrical Power, 2009 International Conference on},
pages = {290--295},
title = {{Using vehicle-to-grid to maximize the integration of intermittent renewable energy resources in islanded electric grids}},
year = {2009}
}
@book{Pistoia2010,
editor = {Pistoia, Gianfranco},
title = {{Electric and Hybrid Vehicles}}
}
@article{Rahman1993,
author = {Rahman, S and Shrestha, G B},
journal = {Power Delivery, IEEE Transactions on},
number = {2},
pages = {591--597},
title = {{An investigation into the impact of electric vehicle load on the electric utility distribution system}},
volume = {8},
year = {1993}
}
@article{Richardson2013,
author = {Richardson, David B},
issn = {1364-0321},
journal = {Renewable and Sustainable Energy Reviews},
number = {0},
pages = {247--254},
title = {{Electric vehicles and the electric grid: A review of modeling approaches, Impacts, and renewable energy integration}},
volume = {19},
year = {2013}
}
@article{Schroeder2012,
author = {Schroeder, Andreas and Traber, Thure},
journal = {Energy Policy},
number = {0},
pages = {136--144},
title = {{The economics of fast charging infrastructure for electric vehicles}},
volume = {43},
year = {2012}
}
@article{Sioshansi2010,
author = {Sioshansi, Ramteen and Fagiani, Riccardo and Marano, Vincenzo},
journal = {Energy Policy},
number = {11},
pages = {6703--6712},
title = {{Cost and emissions impacts of plug-in hybrid vehicles on the Ohio power system}},
volume = {38},
year = {2010}
}
@article{Smith2011,
author = {Smith, R and Shahidinejad, S and Blair, D and Bibeau, E L},
journal = {Transportation Research Part D: Transport and Environment},
number = {3},
pages = {218--224},
title = {{Characterization of urban commuter driving profiles to optimize battery size in light-duty plug-in electric vehicles}},
volume = {16},
year = {2011}
}
@article{Sortomme2011,
author = {Sortomme, E and Hindi, M M and MacPherson, S D J and Venkata, S S},
journal = {Smart Grid, IEEE Transactions on},
number = {1},
pages = {198--205},
title = {{Coordinated Charging of Plug-In Hybrid Electric Vehicles to Minimize Distribution System Losses}},
volume = {2},
year = {2011}
}
@article{Suganthi2012,
author = {Suganthi, L and Samuel, Anand A},
journal = {Renewable and Sustainable Energy Reviews},
number = {2},
pages = {1223--1240},
title = {{Energy models for demand forecasting-A review}},
volume = {16},
year = {2012}
}
@article{Valsera2012,
author = {Valsera-Naranjo, Eduardo and Sumper, Andreas and Villafafila-Robles, Roberto and Martinez-Vicente, David},
journal = {Energies},
number = {5},
pages = {1503--1531},
title = {{Probabilistic Method to Assess the Impact of Charging of Electric Vehicles on Distribution Grids}},
volume = {5},
year = {2012}
}

@inproceedings{Waraich_ETH,
author = {R.A. Waraich and M D Galus and C Dobler and M Balmer and G Andersson and Axhausen K. W.},
title = {Plug-in Hybrid Electric Vehicles and Smart Grid: Investigations Based on a Micro-Simulation},
booktitle = {12th International Conference on Travel Behaviour Research (IATBR)},
year = {2009},
}

@techreport{Watts-Transp,
author = {Watts, Richard A and Letendre, Steven},
institution = {University of Vermont Transportation Center},
title = {{The effects of plug-in hybrid electric vehicles on the vermont electric transmission system}}
}

@misc{Estad_BCN,
title = {{Barcelona Council. Department of Statistics. Barcelona statistical guidelines and districts}}
}
@book{VE_STA,
author = {AA. V V},
editor = {AA. V V},
publisher = {Librooks},
title = {{El veh\'{\i}culo el\'{e}ctrico. Desaf\'{\i}os tecnol\'{o}gicos, infraestructuras y oportunidades de negocio}},
year = {2011}
}
@article{Soares86,
author = {Borba, Bruno Soares M C and Szklo, Alexandre and Schaeffer, Roberto},
journal = {Energy},
number = {1},
pages = {469--481},
title = {{Plug-in hybrid electric vehicles as a way to maximize the integration of variable renewable energy in power systems: The case of wind generation in northeastern \{Brazil\}}},
volume = {37},
year = {2012}
}
@article{Chan-1997,
author = {C. C. Chan and K. T. Chau},
journal = {Industrial Electronics, IEEE Transactions on},
number = {1},
pages = {3--13},
title = {{An overview of power electronics in electric vehicles}},
volume = {44},
year = {1997}
}
@article{Dallinger2012,
author = {Dallinger, David and Wietschel, Martin},
journal = {Renewable and Sustainable Energy Reviews},
number = {5},
pages = {3370--3382},
title = {{Grid integration of intermittent renewable energy sources using price-responsive plug-in electric vehicles}},
volume = {16},
year = {2012}
}
@article{modeladoABM,
author = {DEL, RICARDO},
journal = {EMPIRIA. Revista de Metodolog\{\'{\i}\}a de Ciencias Sociales},
number = {16},
pages = {85--112},
title = {{Modelado de sistemas complejos mediante simulaci\{\'{o}\}n basada en agentes y mediante din\{\'{a}\}mica de sistemas}},
year = {2008}
}
@article{Faria2013,
author = {Faria, Ricardo and Marques, Pedro and Moura, Pedro and Freire, Fausto and Delgado, Joaquim and de Almeida, Anibal T},
journal = {Renewable and Sustainable Energy Reviews},
number = {0},
pages = {271--287},
title = {{Impact of the electricity mix and use profile in the life-cycle assessment of electric vehicles}},
volume = {24},
year = {2013}
}
@inproceedings{Fluhr2010,
author = {Fluhr, J and Ahlert, K.-H. and Weinhardt, C},
booktitle = {System Sciences (HICSS), 2010 43rd Hawaii International Conference on},
pages = {1--10},
title = {{A Stochastic Model for Simulating the Availability of Electric Vehicles for Services to the Power Grid}},
year = {2010}
}
@inproceedings{Lingwen2011,
author = {Gan, Lingwen and Topcu, U and Low, S},
booktitle = {Decision and Control and European Control Conference (CDC-ECC), 2011 50th IEEE Conference on},
pages = {5798--5804},
title = {{Optimal decentralized protocol for electric vehicle charging}},
year = {2011}
}
@article{Heydt1983,
author = {Heydt, G T},
journal = {Transactions on Power Apparatus and Systems},
title = {{The Impact of Electric Vehicle Deployment on Load Management Straregies}},
year = {1983}
}
@inproceedings{Sikai2009,
author = {Huang, Sikai and Infield, D},
booktitle = {Universities Power Engineering Conference (UPEC), 2009 Proceedings of the 44th International},
pages = {1--5},
title = {{The potential of domestic electric vehicles to contribute to Power System Operation through vehicle to grid technology}},
year = {2009}
}
@inproceedings{Sikai2011,
author = {Huang, Sikai and Infield, D},
booktitle = {21st International Conference on Electricity Distribution},
title = {{Demand side management for domestic plug-in electric vehicles in power distribution system operator}},
year = {2011}
}
@inproceedings{Hutson56,
author = {Hutson, C and Venayagamoorthy, G K and Corzine, K A},
booktitle = {Energy 2030 Conference, 2008. ENERGY 2008. IEEE},
pages = {1--8},
title = {{Intelligent Scheduling of Hybrid and Electric Vehicle Storage Capacity in a Parking Lot for Profit Maximization in Grid Power Transactions}},
year = {2008}
}
@article{Pol2013,
author = {Olivella-Rosell, Pol and Villafafila-Robles, Roberto and Sumper, Andreas and Galceran-Arellano, Samuel},
journal = {Renewable and Sustainable Energy Reviews},
title = {{A review of electric vehicles integration in power systems}},
year = {2013}
}
@article{Pang2012,
author = {Pang, C and Dutta, P and Kezunovic, M},
journal = {Smart Grid, IEEE Transactions on},
number = {1},
pages = {473--482},
title = {BEVs-PHEVs as Dispersed Energy Storage for V2B Uses in the Smart Grid},
volume = {3},
year = {2012}
}
@article{Qian2011Modeling,
author = {Qian, Kejun and Zhou, Chengke and Allan, M and Yuan, Yue},
journal = {Power Systems, IEEE Transactions on},
month = may,
number = {2},
pages = {802--810},
title = {{Modeling of Load Demand Due to EV Battery Charging in Distribution Systems}},
volume = {26},
year = {2011}
}

@manual{EV_Forecast_FandS,
organization = {Frost \& Sullivan},
title = {{Executive Analysis of Global Electric Vehicle Forecast}},
year = {2012}
}
@article{Tie2013,
author = {Tie, Siang Fui and Tan, Chee Wei},
journal = {Renewable and Sustainable Energy Reviews},
number = {0},
pages = {82--102},
title = {{A review of energy sources and energy management system in electric vehicles}},
volume = {20},
year = {2013}
}
@phdthesis{VillafafilaPhD,
author = {Villafafila-Robles, Roberto},
school = {Universitat Polit\`{e}cnica de Catalunya UPC},
title = {{Probabilistic modeling in normal operation and the control of distribution system with renewable source based DG units}},
year = {2009}
}
@article{Wang2011,
author = {Wang, Jianhui and Liu, Cong and Ton, Dan and Zhou, Yan and Kim, Jinho and Vyas, Anantray},
journal = {Energy Policy},
number = {7},
pages = {4016--4021},
title = {{Impact of plug-in hybrid electric vehicles on power systems with demand response and wind power}},
volume = {39},
year = {2011}
}
@manual{xu2010GPS_Poisson,
author = {Xu, Yanzhi},
organization = {Georgia Institute of Technology},
title = {{Effective GPS-based panel survey sample size for urban travel behavior studies}},
year = {2010}
}
@article{Zhang2011,
author = {Zhang, Li and Brown, Tim and Samuelsen, G Scott},
journal = {Journal of Power Sources},
number = {15},
pages = {6559--6566},
title = {{Fuel reduction and electricity consumption impact of different charging scenarios for plug-in hybrid electric vehicles}},
volume = {196},
year = {2011}
}
@manual{ITC-BT-10,
title = {{ITC-BT-10. Load forecasting for low voltage supply}}
}
@inproceedings{Acha79,
author = {Acha, Salvador and van Dam, Koen H and Shah, Nilay},
booktitle = {IEEE Power and Energy Society General Meeting , San Diego, CA, USA.},
title = {{Modelling Spatial and Temporal Agent Travel Patterns for Optimal Charging of Electric Vehicles in Low Carbon Networks}},
year = {2012}
}
@article{Bonabeau_AB,
author = {Bonabeau, Eric},
journal = {Proceedings of the National Academy of Sciences of the United States of America},
pages = {7280--7287},
title = {{Agent-based modeling: Methods and techniques for simulating human systems}},
volume = {99},
year = {2002}
}
@inproceedings{Clement2009,
author = {Clement, Kristien and Haesen, Edwin and Driesen, Johan},
booktitle = {Electricity Distribution - Part 1, 2009. CIRED 2009. 20th International Conference and Exhibition on},
title = {{Stochastic analysis of the impact of plug-in hybrid electric vehicles on the distribution grid}},
year = {2009}
}
@article{Clement2010,
author = {Clement-Nyns, K and Haesen, E and Driesen, J},
journal = {Power Systems, IEEE Transactions on},
number = {1},
pages = {371--380},
title = {{The Impact of Charging Plug-In Hybrid Electric Vehicles on a Residential Distribution Grid}},
volume = {25},
year = {2010}
}
@article{Collins1983,
author = {Collins, M M and Mader, G H},
journal = {Vehicular Technology, IEEE Transactions on},
month = feb,
number = {1},
pages = {90--97},
title = {{The timing of EV recharging and its effect on utilities}},
volume = {32},
year = {1983}
}
@book{linden1995handbook,
author = {{David Linden}, Thomas B Reddy},
publisher = {McGraw-Hill},
title = {{Handbook of batteries}},
year = {2002}
}
@misc{MovilidadMadrid,
author = {{de la energ\'{\i}a de la Comunidad de Madrid}, Fundaci\'{o}n},
institution = {Comunidad de Madrid},
title = {{Movilidad Urbana Sostenible, un reto energ\'{e}tico y ambiental}},
year = {2010}
}
@book{sistemas-electricos,
author = {Exp\'{o}sito, VV.AA. Coordinador Antonio G\'{o}mez},
publisher = {MacGrawHill},
title = {{An\'{a}lisis y operaci\'{o}n de sistemas de energ\'{\i}a el\'{e}ctrica}},
year = {2002}
}
@inproceedings{Chan2011,
author = {Shuang Gao and K. T. Chau  and  Diyun Wu and C. C. Chan},
booktitle = {Electrical Machines and Systems (ICEMS), 2011 International Conference on},
pages = {1--6},
title = {{Modeling and coordinated control for integrating electric vehicles into the power grid}},
year = {2011}
}
@article{Garcia2009,
author = {Garcia-Valle, Rodrigo and Vlachogiannis, John G},
journal = {Electric Power Components and Systems},
number = {5},
pages = {577--582},
title = {{Letter to the Editor: Electric Vehicle Demand Model for Load Flow Studies}},
volume = {37},
year = {2009}
}
@inproceedings{Geth,
author = {Geth, Frederik and Debreucker, Sven and Clement, Kristien and Driesen, Johan},
booktitle = {5th IEEE Young Researchers Symposium},
title = {{Charging Power Analysis for a Belgian Plug-in Hybrid Electric Vehicle Fleet}},
year = {2010}
}
@article{Grosjean2012,
author = {Grosjean, Camille and Miranda, Pamela Herrera and Perrin, Marion and Poggi, Philippe},
journal = {Renewable and Sustainable Energy Reviews},
number = {3},
pages = {1735--1744},
title = {{Assessment of world lithium resources and consequences of their geographic distribution on the expected development of the electric vehicle industry}},
volume = {16},
year = {2012}
}
@article{FactorAnalysisQinglai,
author = {Guo, Qinglai and Wang, Yao and Sun, Hongbin and Li, Zhengshuo and Xin, Shujun and Zhang, Boming},
journal = {Energies},
number = {6},
pages = {2053--2070},
title = {{Factor Analysis of the Aggregated Electric Vehicle Load Based on Data Mining}},
volume = {5},
year = {2012}
}
@manual{IEC61851-1,
organization = {International Electrotechnical Commission},
title = {{IEC 61851-1, Electric vehicle conductive charging system - Part 1: General requirements}}
}
@article{Keirstead2012,
author = {Keirstead, James and Jennings, Mark and Sivakumar, Aruna},
journal = {Renewable and Sustainable Energy Reviews},
number = {6},
pages = {3847--3866},
title = {{A review of urban energy system models: Approaches, challenges and opportunities}},
volume = {16},
year = {2012}
}
@article{Kempton2005,
author = {Kempton, Willett and Tomic, Jasna},
doi = {http://dx.doi.org/10.1016/j.jpowsour.2004.12.025},
journal = {Journal of Power Sources},
number = {1},
pages = {268--279},
title = {{Vehicle-to-grid power fundamentals: Calculating capacity and net revenue}},
url = {http://www.sciencedirect.com/science/article/pii/S0378775305000352},
volume = {144},
year = {2005}
}
@inproceedings{Lojowska2011,
author = {Lojowska, A and Kurowicka, D and Papaefthymiou, G and van der Sluis, L},
booktitle = {Power and Energy Society General Meeting, 2011 IEEE},
pages = {1--7},
title = {{From transportation patterns to power demand: Stochastic modeling of uncontrolled domestic charging of electric vehicles}},
year = {2011}
}
@article{Lyon2012,
author = {Lyon, Thomas P and Michelin, Mark and Jongejan, Arie and Leahy, Thomas},
journal = {Energy Policy},
number = {0},
pages = {259--268},
title = {Is smart charging policy for electric vehicles worthwhile?},
volume = {41},
year = {2012}
}
@misc{DanishTravelSurvey,
author = {{Marie K.A. Anderson}, PhD Student},
title = {{Characteristics of Trips and Travellers in Private and Public Transportation in the Danish Travel Survey data}},
year = {2010}
}
@article{RedNeuronal-edificios95,
author = {Nizami, SSAK Javeed and Al-Garni, Ahmed Z},
journal = {Energy Policy},
number = {12},
pages = {1097--1104},
title = {{Forecasting electric energy consumption using neural networks}},
volume = {23},
year = {1995}
}
@inproceedings{Pang2012-2,
author = {Pang, Chengzong and Kezunovic, M and Ehsani, M},
booktitle = {Electric Vehicle Conference (IEVC), 2012 IEEE International},
pages = {1--7},
title = {{Demand side management by using electric vehicles as Distributed Energy Resources}},
year = {2012}
}
@article{Peng2012,
author = {Peng, Minghong and Liu, Lian and Jiang, Chuanwen},
journal = {Renewable and Sustainable Energy Reviews},
number = {3},
pages = {1508--1515},
title = {{A review on the economic dispatch and risk management of the large-scale plug-in electric vehicles PHEVs-penetrated power systems}},
volume = {16},
year = {2012}
}
@article{Chan2011_2,
author = {Shuang Gao and K.T. Chau and C C Chan and Chunhua Liu and Diyun Wu},
journal = {Journal of Asia Electric Vehicles},
number = {1},
title = {{Optimal Control Framework and Scheme for Integrating Plug-in Hybrid Electric Vehicles into Grid}},
volume = {9},
year = {2011}
}
@article{Soares2012,
author = {So\~{a}res, Joao and Canizes, Bruno and Lobo, Cristina and Vale, Zita and Morais, Hugo},
journal = {Energies},
number = {6},
pages = {1881--1899},
title = {{Electric Vehicle Scenario Simulator Tool for Smart Grid Operators}},
volume = {5},
year = {2012}
}
@inproceedings{Valsera2011,
author = {Valsera-Naranjo, E and Martinez-Vicente, D and Sumper, A and Villafafila-Robles, R and Sudria-Andreu, A},
booktitle = {Power and Energy Society General Meeting, 2011 IEEE},
pages = {1--8},
title = {{Deterministic and probabilistic assessment of the impact of the electrical vehicles on the power grid}},
year = {2011}
}
@inproceedings{Valsera2009,
author = {Valsera-Naranjo, E and Sumper, A and Lloret-Gallego, P and Villafafila-Robles, R and Sudria-Andreu, A},
booktitle = {Electrical Power Quality and Utilisation, EPQU 2009. 10th International Conference on},
pages = {1--3},
title = {{Electrical vehicles: State of art and issues for their connection to the network}},
year = {2009}
}
@article{Venkatesan2012,
author = {Venkatesan, Naveen and Solanki, Jignesh and Solanki, Sarika Khushalani},
journal = {Applied Energy},
number = {0},
pages = {84--91},
title = {{Residential Demand Response model and impact on voltage profile and losses of an electric distribution network}},
volume = {96},
year = {2012}
}
@inproceedings{Soares2011,
	author = {F. J. Soares and J. A. Pe\c{c}as Lopes and P. M. Rocha Almeida and C. L. Moreira and Lu\'{\i}s Seca},
	title = {A stochastic model to simulate electric vehicles motion and quantify the energy required from the grid},
	booktitle = {Power Systems Computation Conference (PSCC), Stockholm, Sweden, 2011},
}
@article{Waraich2013,
	title = {Plug-in hybrid electric vehicles and smart grids: Investigations based on a microsimulation},
	journal = {Transportation Research Part C: Emerging Technologies},
	volume = {28},
	number = {0},
	pages = {74 - 86},
	year = {2013},
	author = {Rashid A. Waraich and Matthias D. Galus and Christoph Dobler and Michael Balmer and G\"{o}ran Andersson and Kay W. Axhausen},
}
@article{Metz2012,
	title = {Electric vehicles as flexible loads \textendash A simulation approach using empirical mobility data },
	journal = {Energy },
	volume = {48},
	number = {1},
	pages = {369 - 374},
	year = {2012},
	author = {Michael Metz and Christian Doetsch},
	keywords = {Electric vehicles},
}
@article{Druitt2012,
	title = {Simulation of demand management and grid balancing with electric vehicles },
	journal = {Journal of Power Sources },
	volume = {216},
	number = {0},
	pages = {104 - 116},
	year = {2012},
	author = {James Druitt and Wolf-Gerrit Fr\"{u}h},
}
@article{Loisel2014,
	title = {Large-scale deployment of electric vehicles in Germany by 2030: An analysis of grid-to-vehicle and vehicle-to-grid concepts },
	journal = {Energy Policy },
	volume = {65},
	number = {0},
	pages = {432 - 443},
	year = {2014},
	author = {Rodica Loisel and Guzay Pasaoglu and Christian Thiel},
}
@article{Tomic2007,
title = {Using fleets of electric-drive vehicles for grid support },
journal = {Journal of Power Sources },
volume = {168},
number = {2},
pages = {459 - 468},
year = {2007},
author = {Jasna Tomi\'{c} and Willett Kempton},
}
@article{Zakariazadeh2014,
title = {Multi-objective scheduling of electric vehicles in smart distribution system},
journal = {Energy Conversion and Management},
volume = {79},
number = {0},
pages = {43 - 53},
year = {2014},
author = {Alireza Zakariazadeh and Shahram Jadid and Pierluigi Siano},
}
@article{Lopez2013,
title = {V2G strategies for congestion management in microgrids with high penetration of electric vehicles},
journal = {Electric Power Systems Research},
volume = {104},
number = {0},
pages = {28 - 34},
year = {2013},
author = {M.A. L\'{o}pez and S. Mart\'{\i}n and J.A. Aguado and S. de la Torre},
}
@inproceedings{ElBanhawyABMS2012, 
author={ElBanhawy, E.Y. and Dalton, R. and Thompson, E.M. and Kotter, R.}, 
booktitle={Environment Friendly Energies and Applications (EFEA), 2012 2nd International Symposium on}, 
title={A heuristic approach for investigating the integration of electric mobility charging infrastructure in metropolitan areas: An agent-based modeling simulation}, 
year={2012}, 
month={June}, 
pages={74-86}, 
}
@article{Macal,
title={Tutorial on agent-based modelling and simulation},
journal={Journal of Simulation},
number={4},
pages={151-162},
year={2010},
author={C.M. Macal and M.J. North},
},
@report{euphemia,
	author = {EPEX Spot and APX and Belpex and Nord Pool Spot and OMIE and Mercatoelettrico (GME) and OTE},
	title = {EUPHEMIA Public Description - PCR Market Coupling Algorithm},
	type = {Technical Report},
	date = {2013},
}
@book{Economics_Kirschen,
	author = {Daniel Kirschen and Goran Strbac},
	title = {Fundamentals of Power System Economics},
	year = {2004},
	publisher = {John Wiley and Sons},
	isbn = {0-470-84572-4},
}
@book{Microgrids_Nikos,
	author = {Nikos Hatziargyriou},
	title = {Microgrids: Architectures and Control},
	year = {2014},
	publisher = {Wiley-IEEE Press},
	isbn = {978-1-118-72068-4}
}
@online{OMIE_02022013,
	author = {OMIE},
	title = {Precio horario del mercado diario},
	date = {22/05/2015},
	url = {http://www.omie.es/files/flash/ResultadosMercado.swf},
}
@online{OMIE_22102014,
	author = {OMIE},
	title = {Resultados del mercado diario},
	date = {22/05/2015},
	url = {http://www.omie.es/files/flash/ResultadosMercado.swf},
}
@report{ETP_SG,
	author = {European technology platform for the electricity networks of the future. European Commission},
	title = {Consolidated view of the ETP SG (European technology platform on smartgrids). On research, development and demonstration needs in the Horizon 2020 workprogramme 2016-2017},
	year = {April 2015},
}
@report{ETP_SG2006,
	author = {European technology platform for the electricity networks of the future. European Commission},
	title = {Vision and Strategy for Europe's Electricity Networks of the Future},
	year = {2006},
}
@report{EEGI2010,
	author = {ENTSO/E and EDSO for smart grids},
	title = {European Electricity Grid Initiative Roadmap and Implementation plan},
	year = {May 2010},
}
@article{VPP_definition, 
	author={Pudjianto, D. and Ramsay, C. and Strbac, G.}, 
	journal={Renewable Power Generation, IET}, 
	title={Virtual power plant and system integration of distributed energy resources}, 
	year={2007}, 
	month={March}, 
	volume={1}, 
	number={1}, 
	pages={10-16}, 
	doi={10.1049/iet-rpg:20060023}, 
}
@report{REE_2013,
	author = {Red El\'{e}ctrica de Espa\~{n}a},
	title = {Informe anual},
	date = {2013},
}
@online{Lazard2014,
	author = {Lazard},
	title = {Levelized cost of energy analysis - version 8.0},
	year = {2014},
}
@article{Muratori,
	title = {Role of residential demand response in modern electricity markets},
	author = {Matteo Muratori and Beth-Anne Schuelke-Leech and Giorgio Rizzoni},
	journal = {Renewable and Sustainable Energy Reviews},
	volume = {33},
	number = {0},
	pages = {546 - 553},
	year = {2014},
	doi = {http://dx.doi.org/10.1016/j.rser.2014.02.027},
}
@ARTICLE{Wu, 
	author={Di Wu and Aliprantis, D.C. and Lei Ying}, 
	journal={Smart Grid, IEEE Transactions on}, 
	title={Load Scheduling and Dispatch for Aggregators of Plug-In Electric Vehicles}, 
	year={2012}, 
	month={March}, 
	volume={3}, 
	number={1}, 
	pages={368-376}, 
	url={10.1109/TSG.2011.2163174}, 
}
@article{Albadi,
	title = {A summary of demand response in electricity markets},
	author = {M.H. Albadi and E.F. El-Saadany},
	journal = {Electric Power Systems Research},
	volume = {78},
	number = {11},
	pages = {1989 - 1996},
	year = {2008},
	doi = {http://dx.doi.org/10.1016/j.epsr.2008.04.002},
}
@article{Walawalkar,
	author = {Rahul Walawalkar and Stephen Fernands and Netra Thakur and Konda Reddy Chevva},
	title = {{Evolution and current status of demand response (DR) in electricity markets: Insights from PJM and NYISO}},
	journal = {Energy},
	volume = {35},
	number = {4},
	pages = {1553 - 1560},
	year = {2010},
	doi = {http://dx.doi.org/10.1016/j.energy.2009.09.017},
}
@article{Gottwalt,
	author = {Sebastian Gottwalt and Wolfgang Ketter and Carsten Block and John Collins and Christof Weinhardt},
	title = {{Demand side management - A simulation of household behavior under variable prices}},
	journal = {Energy Policy},
	volume = {39},
	number = {12},
	pages = {8163 - 8174},
	year = {2011},
	doi = {http://dx.doi.org/10.1016/j.enpol.2011.10.016},
}
@article{Cappers,
	title = {{Demand response in U.S. electricity markets: Empirical evidence}},
	author = {Peter Cappers and Charles Goldman and David Kathan},
	journal = {Energy},
	volume = {35},
	number = {4},
	pages = {1526 - 1535},
	year = {2010},
	doi = {http://dx.doi.org/10.1016/j.energy.2009.06.029},
}
@article{Kim,
	title = {Common failures of demand response},
	author = {Jin-Ho Kim and Anastasia Shcherbakova},
	journal = {Energy},
	volume = {36},
	number = {2},
	pages = {873 - 880},
	year = {2011},
	doi = {http://dx.doi.org/10.1016/j.energy.2010.12.027},
}
@article{Ma,
	author = {Ookie Ma and Nasr Alkadi and Peter Cappers and Paul Denholm and Junqiao Dudley and Sasank Goli and Marissa Hummon and Sila Kiliccote and Jason MacDonald and Nance Matson and Daniel Olsen and Cody Rose and Michael D. Sohn and Michael Starke and Brendan Kirby and Mark O'Malley},
	title = {Demand Response for Ancillay Services},
	journal = {Smart Grid, IEEE Transactions on},
	year={2013}, 
	month={December}, 
	volume={4}, 
	number={4}, 
	pages={1988-1995}, 
	doi={http://dx.doi.org/10.1109/TSG.2013.2258049},
}
@ARTICLE{Chen, 
	author={Chen Chen and Jianhui Wang and Kishore, S.}, 
	journal={Power Systems, IEEE Transactions on}, 
	title={A Distributed Direct Load Control Approach for Large-Scale Residential Demand Response}, 
	year={2014}, 
	month={Sept}, 
	volume={29}, 
	number={5}, 
	pages={2219-2228}, 
	doi={10.1109/TPWRS.2014.2307474}, 
}
@ARTICLE{Vivekananthan, 
	author={Vivekananthan, C. and Mishra, Y. and Ledwich, G. and Fangxing Li}, 
	journal={Smart Grid, IEEE Transactions on}, 
	title={Demand Response for Residential Appliances via Customer Reward Scheme}, 
	year={2014}, 
	month={March}, 
	volume={5}, 
	number={2}, 
	pages={809-820},  
}
@article{Hamidi,
	author = {Vandad Hamidi and Furong Li and Francis Robinson},
	title = {{Demand response in the UK's domestic sector}},
	journal = {Electric Power Systems Research},
	volume = {79},
	number = {12},
	pages = {1722 - 1726},
	year = {2009},
	doi = {http://dx.doi.org/10.1016/j.epsr.2009.07.013},
}
@article{Ericson,
	author = {Torgeir Ericson},
	title = {Direct load control of residential water heaters},
	journal = {Energy Policy},
	volume = {37},
	number = {9},
	pages = {3502 - 3512},
	year = {2009},
	doi = {http://dx.doi.org/10.1016/j.enpol.2009.03.063},
}
@ARTICLE{Saele, 
	author={Saele, H. and Grande, O.S.}, 
	journal={Smart Grid, IEEE Transactions on}, 
	title={Demand Response From Household Customers: Experiences From a Pilot Study in Norway}, 
	year={2011}, 
	month={March}, 
	volume={2}, 
	number={1}, 
	pages={102-109}, 
	doi={10.1109/TSG.2010.2104165}, 
}
@INPROCEEDINGS{Venkatesan2011, 
	author={Venkatesan, N. and Solanki, J. and Solanki, S.K.}, 
	booktitle={Power and Energy Society General Meeting, 2011 IEEE}, 
	title={Demand response model and its effects on voltage profile of a distribution system}, 
	year={2011}, 
	month={July}, 
	pages={1-7}, 
}
@ARTICLE{Sundstrom, 
	author={Sundstrom, O. and Binding, C.}, 
	journal={Smart Grid, IEEE Transactions on}, 
	title={Flexible Charging Optimization for Electric Vehicles Considering Distribution Grid Constraints}, 
	year={2012}, 
	month={March}, 
	volume={3}, 
	number={1}, 
	pages={26-37}, 
	doi={10.1109/TSG.2011.2168431}, 
}
@manual{Martini,
	author = {P. Martini},
	title = {{DR 2.0 A Future of Customer Response. Newport Consulting prepared for the Association for Demand Response and Smart Grid}},
	month = {July},
	year = {2013},
}
@manual{Stromback,
	author = {J. Stromback},
	title = {Demand Response Barriers and Opportunities in Europe. Smart Energy Demand Coalition JCR Demand Response Workshop},
	month={October},
	year={2013},
}
@INPROCEEDINGS{Ma2010, 
	author={Zhongjing Ma and Callaway, D. and Hiskens, I.}, 
	booktitle={Control Applications (CCA), 2010 IEEE International Conference on}, 
	title={Decentralized charging control for large populations of plug-in electric vehicles: Application of the Nash certainty equivalence principle}, 
	year={2010}, 
	month={Sept}, 
	pages={191-195}, 
	doi={10.1109/CCA.2010.5611184},
}
@ARTICLE{Vrba, 
	author={Vrba, P. and Marik, V. and Siano, P. and Leitao, P. and Zhabelova, G. and Vyatkin, V. and Strasser, T.}, 
	journal={Industrial Informatics, IEEE Transactions on}, 
	title={A Review of Agent and Service-Oriented Concepts Applied to Intelligent Energy Systems}, 
	year={2014}, 
	month={Aug}, 
	volume={10}, 
	number={3}, 
	pages={1890-1903}, 
	doi={10.1109/TII.2014.2326411}, 
}
@inproceedings{Vandael,
	author = {Vandael, Stijn and Bouck{\'e}, Nelis and Holvoet, Tom and De Craemer, Klaas and Deconinck, Geert},
	title = {Decentralized Coordination of Plug-in Hybrid Vehicles for Imbalance Reduction in a Smart Grid},
	booktitle = {The 10th International Conference on Autonomous Agents and Multiagent Systems - Volume 2},
	series = {AAMAS '11},
	year = {2011},
	location = {Taipei, Taiwan},
	pages = {803--810},
	url = {http://dl.acm.org/citation.cfm?id=2031678.2031732},
	publisher = {International Foundation for Autonomous Agents and Multiagent Systems},
	address = {Richland, SC},
	keywords = {multi-agent systems, plug-in hybrid vehicles, smart grids},
} 
@INPROCEEDINGS{Logenthiran, 
	author={Logenthiran, T. and Srinivasan, D.}, 
	booktitle={Innovative Smart Grid Technologies - India (ISGT India), 2011 IEEE PES}, 
	title={Multi-agent system for managing a power distribution system with Plug-in Hybrid Electrical vehicles in smart grid}, 
	year={2011}, 
	month={Dec}, 
	pages={346-351}, 
	doi={10.1109/ISET-India.2011.6145339},
	}
@ARTICLE{Fan, 
	author={Zhong Fan}, 
	journal={Smart Grid, IEEE Transactions on}, 
	title={A Distributed Demand Response Algorithm and Its Application to PHEV Charging in Smart Grids}, 
	year={2012}, 
	month={Sept}, 
	volume={3}, 
	number={3}, 
	pages={1280-1290}, 
	doi={10.1109/TSG.2012.2185075}, 
}
@book{Chowdhury,
	author = {S.  Chowdhury and S.P. Chowdhury and P. Crossley},
	title = {{Microgrids and Active Distribution Networks}},
	publisher = {IET Renewable Energy Series 6},
	year = {2009}
}
@ARTICLE{MATPOOWER, 
	author={Zimmerman, R.D. and Murillo-S\'{a}nchez, C.E. and Thomas, R.J.}, 
	journal={Power Systems, IEEE Transactions on}, 
	title={{MATPOWER: Steady-State Operations, Planning, and Analysis Tools for Power Systems Research and Education}}, 
	year={2011}, 
	month={Feb}, 
	volume={26}, 
	number={1}, 
	pages={12-19}, 
	doi={10.1109/TPWRS.2010.2051168}, 
	ISSN={0885-8950},
}
@book{braun2009provision,
	title={Provision of ancillary services by distributed generators: Technological and economic perspective},
	author={Braun, Martin},
	volume={10},
	year={2009},
	publisher={kassel university press GmbH}
}
@article{Gomez,
	title={Regulatory framework and business models for charging plug-in electric vehicles: Infrastructure, agents, and commercial relationships},
	author={San Rom{\'a}n, Tom{\'a}s G{\'o}mez and Momber, Ilan and Abbad, Michel Rivier and Miralles, {\'A}lvaro S{\'a}nchez},
	journal={Energy policy},
	volume={39},
	number={10},
	pages={6360--6375},
	year={2011},
	publisher={Elsevier}
}
@misc{Directiva_eficiencia,
	author = {{The European Parliament and of the Council}},
	title = {Directive 2012/27/UE on Energy end-use efficiency and energy services},
	year = {2012},
}
@misc{Directiva_renovables,
	author = {{The European Parliament and of the Council}},
	title = {Directive 2009/28/EC on the promotion of the use of energy from renewable sources},
	year = {2009},
}
@article{JoanMarc,
	author = {Joan Marc Rodriguez-Bermuz and Andreas Sumper and Antoni Sudri\`{a}-Andreu},
	title = {El almacenamiento energ\'{e}tico en bater\'{\i}as},
	journal = {Autom\'{a}tica e Instrumentaci\'{o}n},
	year = {2014}
}
@inproceedings{ampatzis2014,
	title={Local electricity market design for the coordination of distributed energy resources at district level},
	author={Ampatzis, Michail and Nguyen, Phuong H and Kling, Wil},
	booktitle={Innovative Smart Grid Technologies Conference Europe (ISGT-Europe), 2014 IEEE PES},
	pages={1--6},
	year={2014},
	organization={IEEE}
}
@inproceedings{MM_01,
	title={CO-SIMULATION OF A SMART HOME MODEL BASED ON A MICRO ELECTRICITY MARKET},
	author={El-Baz, W and Tzscheutschler, P},
	booktitle={Fifth German-Austrian IBPSA Conference},
	year={2014},
}
@inproceedings{MM_03,
	title={Enabling demand response by extending the European electricity markets with a real-time market},
	author={Nyeng, Preben and Kok, Koen and Pineda, Salvador and Grande, Ove and Sprooten, Jonathan and Hebb, Bob and Nieuwenhout, Frans},
	booktitle={Innovative Smart Grid Technologies Europe (ISGT EUROPE), 2013 4th IEEE/PES},
	pages={1--5},
	year={2013},
	organization={IEEE}
}
@inproceedings{MM_05,
	title={An end-user perspective on smart home energy systems in the PowerMatching City demonstration project},
	author={Geelen, Daphne and Vos-Vlamings, Manon and Filippidou, Faidra and van den Noort, Albert and van Grootel, Maike and Moll, Henri and Reinders, Angele and Keyson, David},
	booktitle={Innovative Smart Grid Technologies Europe (ISGT EUROPE), 2013 4th IEEE/PES},
	pages={1--5},
	year={2013},
	organization={IEEE}
}
@inproceedings{MM_12,
	title={The costs of privacy in local energy markets},
	author={Buchmann, Erik and Kessler, Stephan and Jochem, Patrick and Bohm, Klemens},
	booktitle={Business Informatics (CBI), 2013 IEEE 15th Conference on},
	pages={198--207},
	year={2013},
	organization={IEEE}
}
@inproceedings{MM_13,
	title={An electricity trade model for microgrid communities in smart grid},
	author={Cui, Tiansong and Wang, Yanzhi and Nazarian, Shahin and Pedram, Massoud},
	booktitle={Innovative Smart Grid Technologies Conference (ISGT), 2014 IEEE PES},
	pages={1--5},
	year={2014},
	organization={IEEE}
}
@article{MM_20,
	title={Energy, Micromarkets, and Microgrids},
	author={Cox, William and Considine, Toby},
	journal={Grid-Interop 2011},
	year={2011}
}